<record><leader>00000cas a2200000 a 4500</leader><controlfield tag="001">12102101</controlfield><controlfield tag="008">850531d18701871ksudn ne      0    0eng c</controlfield><datafield ind1=" " ind2=" " tag="010"><subfield code="a">sn 85029330 </subfield></datafield><datafield ind1=" " ind2=" " tag="040"><subfield code="a">KSH</subfield><subfield code="b">eng</subfield><subfield code="c">KSH</subfield><subfield code="d">NPT</subfield><subfield code="d">NPX</subfield><subfield code="d">DLC</subfield><subfield code="d">MGN</subfield><subfield code="d">OBN</subfield><subfield code="d">OCLCQ</subfield><subfield code="d">CUI</subfield><subfield code="d">OCLCQ</subfield><subfield code="d">OCLCF</subfield></datafield><datafield ind1="1" ind2=" " tag="029"><subfield code="a">AU@</subfield><subfield code="b">000024692566</subfield></datafield><datafield ind1=" " ind2=" " tag="042"><subfield code="a">pcc</subfield></datafield><datafield ind1=" " ind2=" " tag="043"><subfield code="a">n-us-ks</subfield></datafield><datafield ind1="0" ind2="0" tag="050"><subfield code="a">Newspaper 7803-X</subfield></datafield><datafield ind1=" " ind2="4" tag="050"><subfield code="a">AN</subfield></datafield><datafield ind1="0" ind2=" " tag="130"><subfield code="a">Leavenworth daily times (Leavenworth, Kan. : 1870)</subfield></datafield><datafield ind1="1" ind2="4" tag="245"><subfield code="a">The Leavenworth daily times.</subfield></datafield><datafield ind1="3" ind2=" " tag="246"><subfield code="a">Daily times</subfield></datafield><datafield ind1=" " ind2=" " tag="260"><subfield code="a">Leavenworth, Kan. :</subfield><subfield code="b">[s.n.]</subfield></datafield><datafield ind1=" " ind2=" " tag="300"><subfield code="a">v.</subfield></datafield><datafield ind1=" " ind2=" " tag="310"><subfield code="a">Daily (except Mon.)</subfield></datafield><datafield ind1="0" ind2=" " tag="362"><subfield code="a">Vol. 22, no. 1 (July 1, 1870)-v. 23, no. 76 (Apr. 1, 1871).</subfield></datafield><datafield ind1=" " ind2=" " tag="500"><subfield code="a">"Oldest paper in the state; first Republican paper issued in the county; first daily published in Kansas."</subfield></datafield><datafield ind1=" " ind2=" " tag="580"><subfield code="a">Weekly ed.: Leavenworth weekly times (Leavenworth, Kan. : 1870).</subfield></datafield><datafield ind1=" " ind2="0" tag="651"><subfield code="a">Leavenworth (Kan.)</subfield><subfield code="v">Newspapers.</subfield></datafield><datafield ind1=" " ind2="0" tag="651"><subfield code="a">Leavenworth County (Kan.)</subfield><subfield code="v">Newspapers.</subfield></datafield><datafield ind1=" " ind2="7" tag="655"><subfield code="a">Newspapers.</subfield><subfield code="2">fast</subfield><subfield code="0">(OCoLC)fst01423814</subfield></datafield><datafield ind1=" " ind2="7" tag="651"><subfield code="a">Kansas</subfield><subfield code="z">Leavenworth.</subfield><subfield code="2">fast</subfield><subfield code="0">(OCoLC)fst01224591</subfield></datafield><datafield ind1=" " ind2="7" tag="651"><subfield code="a">Kansas</subfield><subfield code="z">Leavenworth County.</subfield><subfield code="2">fast</subfield><subfield code="0">(OCoLC)fst01217671</subfield></datafield><datafield ind1=" " ind2=" " tag="752"><subfield code="a">United States</subfield><subfield code="b">Kansas</subfield><subfield code="c">Leavenworth</subfield><subfield code="d">Leavenworth.</subfield></datafield><datafield ind1="1" ind2=" " tag="775"><subfield code="t">Leavenworth weekly times (Leavenworth, Kan. : 1870)</subfield><subfield code="w">(DLC)sn 84027691</subfield><subfield code="w">(OCoLC)11425470</subfield></datafield><datafield ind1="0" ind2="0" tag="780"><subfield code="t">Times and conservative (Leavenworth, Kan. : Daily)</subfield><subfield code="w">(DLC)sn 85029335</subfield><subfield code="w">(OCoLC)12102088</subfield></datafield><datafield ind1="0" ind2="7" tag="785"><subfield code="t">Leavenworth bulletin (Leavenworth, Kan. : 1869)</subfield><subfield code="w">(DLC)sn 85029610</subfield><subfield code="w">(OCoLC)12109557</subfield></datafield><datafield ind1="0" ind2="7" tag="785"><subfield code="t">Leavenworth times and bulletin</subfield><subfield code="w">(DLC)sn 85029331</subfield><subfield code="w">(OCoLC)12102127</subfield></datafield></record>